

@article{ng_1974, 
    title={Hypernetted chain solutions for the classical one‐component plasma up to Γ=7000}, 
    volume={61}, DOI={10.1063/1.1682399}, 
    number={7}, 
    journal={The Journal of Chemical Physics}, 
    author={Ng, Kin‐Chue}, 
    year={1974}, month={Oct}, pages={
    2680–2689}} 

@ARTICLE{OandK1987,
       author = {{Olson}, G.~L. and {Kunasz}, P.~B.},
        title = "{Short characteristic solution of the non-LTE transfer problem by operator perturbation. I. The one-dimensional planar slab.}",
      journal = {\jqsrt},
     keywords = {Radiative Transfer:Non-LTE Models},
         year = 1987,
        month = jan,
       volume = {38},
       number = {5},
        pages = {325-336},
          doi = {10.1016/0022-4073(87)90027-6},
       adsurl = {https://ui.adsabs.harvard.edu/abs/1987JQSRT..38..325O},
      adsnote = {Provided by the SAO/NASA Astrophysics Data System}
}

@INPROCEEDINGS{hubeny2003,
       author = {{Hubeny}, I.},
        title = "{Accelerated Lambda Iteration: An Overview}",
    booktitle = {Stellar Atmosphere Modeling},
         year = 2003,
       editor = {{Hubeny}, Ivan and {Mihalas}, Dimitri and {Werner}, Klaus},
       series = {Astronomical Society of the Pacific Conference Series},
       volume = {288},
        month = jan,
        pages = {17},
       adsurl = {https://ui.adsabs.harvard.edu/abs/2003ASPC..288...17H},
      adsnote = {Provided by the SAO/NASA Astrophysics Data System}
}

@BOOK{mihalas1978,
       author = {{Mihalas}, Dimitri},
        title = "{Stellar atmospheres}",
         year = 1978,
       adsurl = {https://ui.adsabs.harvard.edu/abs/1978stat.book.....M},
      adsnote = {Provided by the SAO/NASA Astrophysics Data System}
}


